@Misc{www-iacr,
  author       = {Mohammad Wazid},
  title        = {Hybrid Anomaly Detection using K-Means Clustering in Wireless Sensor Networks},
  howpublished = {pdf},
  url          = {https://eprint.iacr.org/2014/712.pdf},
  keywords     = {Hybrid Anomaly, Misdirection, Blackhole, K-Means Clustering, Hybrid Anomaly Detection Algorithm},
  owner        = {F16-IG-3002 Shweta Bhartia, F16-IG-3018 Pramod Sripada, F16-IG-3015 Ramkaushik Nallani},
}

@Article{www-sciencedirect,
  author = {Amuthan Prabakar Muniyandi, R. Rajeswari, R. Rajaram},
  title  = {Network Anomaly Detection by Cascading K-Means Clustering and C4.5 Decision Tree algorithm},
  volume = {Volume 30, 2012},
  pages  = {174-182},
  url    = {http://www.sciencedirect.com/science/article/pii/S1877705812008594},
  owner  = {F16-IG-3002 Shweta Bhartia, F16-IG-3018 Pramod Sripada, F16-IG-3015 Ramkaushik Nallani},
}

@Misc{www-wikipedia,
  title        = {Network Behavior Anomaly Detection},
  howpublished = {Web Page},
  url          = {https://en.wikipedia.org/wiki/Network_Behavior_Anomaly_Detection},
  owner        = {F16-IG-3002 Shweta Bhartia, F16-IG-3018 Pramod Sripada, F16-IG-3015 Ramkaushik Nallani},
}

@Misc{www-wiki,
  title        = {Anomaly-based intrusion detection system},
  howpublished = {Web Page},
  url          = {https://en.wikipedia.org/wiki/Anomaly-based_intrusion_detection_system},
  owner        = {F16-IG-3002 Shweta Bhartia, F16-IG-3018 Pramod Sripada, F16-IG-3015 Ramkaushik Nallani},
}

@Misc{www-ics-uci,
  author       = {Salvatore J. Stolfo, Wei Fan, Wenke Lee, Andreas Prodromidis, and Philip K. Chan},
  title        = {kddcup task},
  howpublished = {Web Page},
  url          = {http://kdd.ics.uci.edu/databases/kddcup99/task.html},
  owner        = {F16-IG-3002 Shweta Bhartia, F16-IG-3018 Pramod Sripada, F16-IG-3015 Ramkaushik Nallani},
}